<?xml version="1.0" encoding="UTF-8"?><collection xmlns="http://www.loc.gov/MARC21/slim"><record><leader>00628nam--2200181-i-4500</leader><controlfield tag="001">000012206</controlfield><controlfield tag="002">20161230</controlfield><controlfield tag="005">20161230201029</controlfield><controlfield tag="008">060222s1000------------r-----000-0-fre-d</controlfield><datafield ind1=" " ind2=" " tag="040"><subfield code="a">IFIN-HH</subfield></datafield><datafield ind1=" " ind2=" " tag="041"><subfield code="a">fre</subfield></datafield><datafield ind1=" " ind2=" " tag="080"><subfield code="a">535.338.4(047.3)</subfield></datafield><datafield ind1="1" ind2=" " tag="100"><subfield code="a">Bernage, Pascal</subfield></datafield><datafield ind1="1" ind2="0" tag="245"><subfield code="a">Etude a haute resolution des spectres rovibrat ionnels des varietes hydrogenees et deuterees de l'acide bromhydrique gazeux. determination du moment dipolaire 1-ere partie</subfield><subfield code="b">These</subfield><subfield code="c">Pascal bernage</subfield></datafield><datafield ind1=" " ind2=" " tag="260"><subfield code="a">Lille</subfield><subfield code="b">L'Universite Des Sciences Et Techniques</subfield><subfield code="c">1978</subfield></datafield><datafield ind1=" " ind2=" " tag="300"><subfield code="a">113 P</subfield></datafield><datafield ind1=" " ind2=" " tag="852"><subfield code="a">44976</subfield><subfield code="c">535.33</subfield></datafield><datafield ind1=" " ind2=" " tag="CAT"><subfield code="a">Sys</subfield><subfield code="c">20101207</subfield><subfield code="h">151953</subfield></datafield></record></collection>